@book{Fullerton2008,
	author = {Fullerton, Tracy},
	edition = {2},
	isbn = {9780240809748},
	pages = {496},
	publisher = {CRC Press},
	title = {{Game Design Workshop: A Playcentric Approach to Creating Innovative Games}},
	year = {2008}
}

@inproceedings{Groh2012,
	author = {Groh, Fabian},
	booktitle = {Proceedings of the 4th Seminar on Research Trends in Media Informatics},
	editor = {Asaj, Naim and Bastian, K\"{o}nings and Poguntke, Mark and Schaub, Florian and Wiedersheim, Bj\"{o}rn and Weber, Michael},
	pages = {39--45},
	publisher = {Institute of Media Informatics Ulm University},
	title = {{Gamification: State of the Art Definition and Utilization}},
	url = {http://vts.uni-ulm.de/docs/2012/7866/vts\_7866\_11380.pdf},
	year = {2012}
}

@book{Koster2004,
	author = {Koster, Ralph},
	edition = {1},
	pages = {256},
	publisher = {Paraglyph Press},
	title = {{A Theory of Fun for Game Design}},
	year = {2004}
}

@inproceedings{Niedenthal2009,
	address = {London, England},
	author = {Niedenthal, Simon},
	booktitle = {Proceedings of DiGRA 2009},
	editor = {Krzywinska, Tanya and Kennedy, Helen and Atkins, Barry},
	pages = {1----9},
	publisher = {Digital Games Research Association},
	title = {{What We Talk About When We Talk About Game Aesthetics}},
	year = {2009}
}

@inproceedings{Hunicke2004,
	author = {Hunicke, Robin and LeBlanc, M and Zubek, Robert},
	booktitle = {Proceedings of the Challenges in Games AI Workshop, Nineteenth National Conference of Artificial Intelligence},
	pages = {1--5},
	title = {{MDA: A formal approach to game design and game research}},
	url = {http://www.aaai.org/Papers/Workshops/2004/WS-04-04/WS04-04-001.pdf},
	year = {2004}
}

@inproceedings{Forlizzi2004,
	address = {New York, New York, USA},
	author = {Forlizzi, Jodi and Battarbee, Katja},
	booktitle = {Proceedings of the 2004 conference on Designing interactive systems processes, practices, methods, and techniques - DIS '04},
	pages = {261----268},
	publisher = {ACM Press},
	title = {{Understanding experience in interactive systems}},
	url = {http://portal.acm.org/citation.cfm?doid=1013115.1013152},
	year = {2004}
}

@inproceedings{Malone1980,
	address = {New York, New York, USA},
	author = {Malone, Thomas W.},
	booktitle = {Proceedings of the 3rd ACM SIGSMALL symposium and the first SIGPC symposium on Small systems - SIGSMALL '80},
	pages = {162--169},
	publisher = {ACM Press},
	title = {{What makes things fun to learn? heuristics for designing instructional computer games}},
	url = {http://portal.acm.org/citation.cfm?doid=800088.802839},
	volume = {162},
	year = {1980}
}

@incollection{Nakamura2001,
	address = {Oxford, United Kingdom},
	author = {Nakamura, Jeanne and Csikszentmihalyi, Mihaly},
	booktitle = {Handbook of Positive Psychology},
	editor = {Snyder, C.R. and Lopez, Shane.J.},
	pages = {89--105},
	publisher = {Oxford University Press},
	title = {{The Concept of Flow}},
	year = {2001}
}

@inproceedings{Pruitt2003,
	author = {Pruitt, John and Grudin, Jonathan},
	title = {Personas: Practice and Theory},
	booktitle = {Proceedings of the 2003 Conference on Designing for User Experiences},
	series = {DUX '03},
	year = {2003},
	isbn = {1-58113-728-1},
	location = {San Francisco, California},
	pages = {1--15},
	numpages = {15},
	url = {http://doi.acm.org/10.1145/997078.997089},
	doi = {10.1145/997078.997089},
	acmid = {997089},
	publisher = {ACM},
	address = {New York, NY, USA}
} 

@incollection{Brown2010,
	year={2010},
	isbn={978-1-84882-962-6},
	booktitle={Evaluating User Experience in Games},
	series={Human-Computer Interaction Series},
	editor={Bernhaupt, Regina},
	doi={10.1007/978-1-84882-963-3_5},
	title={The Life and Tools of a Games Designer},
	url={http://dx.doi.org/10.1007/978-1-84882-963-3_5},
	publisher={Springer London},
	author={Brown, Emily},
	pages={73-87},
}

@book{Tekinbas2003,
	author = {Tekinbas, Katie Salen and Zimmerman, Eric },
	edition = {1},
	pages = {688},
	publisher = {The MIT Press},
	title = {{Rules of Play: Game Design Fundamentals}},
	year = {2003}
}